% !TeX encoding = UTF-8

@legal{paris_agreement,
%	editor = {{UNFCCC}},
	date = {2016-11-04},
	title = {Paris Agreement},
	langid = {english},
	type = {FCCC/CP/2015/10/Add.1},
	organization = {{UNFCCC}},
	url = {https://eur-lex.europa.eu/legal-content/EN/TXT/?uri=CELEX:22016A1019(01)},
}

@legal{agenda_2030,
%	editor = {United Nations},
	date = {2015-09-25},
	title = {Transforming our world: the 2030 Agenda for Sustainable Development},
	shorttitle = {The 2030 Agenda},
	langid = {english},
	type = {A/RES/70/1},
	organization = {United Nations},
	url = {https://sdgs.un.org/2030agenda},
}

@legislation{green_deal,
%	editor = {European Commission},
	date = {2019-12-11},
	title = {The European Green Deal},
	langid = {english},
	type = {COM/2019/640},
	organization = {European Commission},
	url = {https://eur-lex.europa.eu/legal-content/EN/TXT/?uri=CELEX:52019DC0640},
}

@legislation{farm_to_fork,
%	editor = {European Commission},
	date = {2020-05-20},
	title = {A Farm to Fork Strategy for a fair, healthy and environmentally-friendly food system},
	shorttitle = {Farm to Fork},
	langid = {english},
	type = {COM/2020/381},
	organization = {European Commission},
	url = {https://eur-lex.europa.eu/legal-content/EN/TXT/?uri=CELEX:52020DC0381},
}

@legislation{next_gen_eu,
%	editor = {European Commission},
	date = {2020-05-27},
	title = {Europe's moment: Repair and Prepare for the Next Generation},
	shorttitle = {Next Generation EU},
	langid = {english},
	type = {COM/2020/456},
	organization = {European Commission},
	url = {https://eur-lex.europa.eu/legal-content/EN/TXT/?uri=CELEX:52020DC0456},
}

@legislation{sustainable_blue_economy_2021,
%	editor = {European Commission},
	date = {2021-05-17},
	title = {New approach for a sustainable blue economy in the {EU} Transforming the {EU}'s Blue Economy for a Sustainable Future},
	shorttitle = {Blue economy},
	langid = {english},
	type = {COM/2021/240},
	organization = {European Commission},
	url = {https://eur-lex.europa.eu/legal-content/EN/TXT/?uri=CELEX:52021DC0240},
}

@legislation{blue_bioeconomy,
%	editor = {European Commission},
	date = {2022},
	title = {Blue bioeconomy – towards a strong and sustainable EU algae sector},
	shorttitle = {Blue bioeconomy},
	langid = {english},
	type = {Public initiative},
	organization = {European Commission},
	url = {https://ec.europa.eu/info/law/better-regulation/have-your-say/initiatives/12780},
}

@misc{seaweed_manifesto,
%	editor = {},
	date = {2020},
	title = {Seaweed revolution: a Manifesto for a sustainable future},
	shorttitle = {Seaweed Manifesto},
	langid = {english},
	type = {United Nations Global Compact},
	organization = {United Nations},
	url = {https://unglobalcompact.org/library/5743},
}

@article{sivakumar_role_2013s,
	title={Role of algae in commercial environment},
	author={Sivakumar, R and Rajendran, S},
	journal={International Research Journal of Environment Sciences},
	shortjournal = {Int. Res. J. Environment Sci},
	volume={2},
	number={12},
	pages={81--83},
	date={2013-12},
	issn = {2319-1414},
	url = {https://www.isca.me/IJENS/Archive/v2/i12/13.ISCA-IRJEvS-2013-027.pdf},
	langid = {english}
}

@unpublished{faruk_role_2023,
	author = {Faruk, Umar and Nadaf, Rubeen and Toragall, Makhadumsab and Nadaf, Uzma and Shivasharana, C},
	year = {2023},
	month = {03},
	pages = {28-34},
	title = {The Role of Algae in Sustainable Environment: A Review The Role of Algae in Sustainable Environment: A Review},
	url = {https://www.researchgate.net/publication/369506323_The_Role_of_Algae_in_Sustainable_Environment_A_Review_The_Role_of_Algae_in_Sustainable_Environment_A_Review},
}

@unpublished{garima_diverse_2015,
	author = {Goswami, Garima and Bang, Vinal and Agarwal, Shubham},
	year = {2015},
	month = {03},
	title = {Diverse applications of algae},
	journal = {International Journal Of Advance Research In Science And Engineering},
	url = {https://www.researchgate.net/publication/274639844_DIVERSE_APPLICATIONS_OF_ALGAE},
}

@unpublished{proksch_growing_2013,
	title={Growing sustainability — integrating algae cultivation into the built environment},
	author={Proksch, Gundula},
	journal={Edinburgh Archit. Res. J},
	volume={33},
	pages={147--162},
	year={2013},
	url = {https://www.researchgate.net/publication/337292607_Growing_Sustainability_-_Integrating_Algae_Cultivation_into_the_Built_Environment},
}

@unpublished{raja_biological_2013,
	title={Biological importance of marine algae - an overview},
	author={Raja, A and Vipin, C and Aiyappan, A},
	journal={Int. J. Curr. Microbiol. Appl. Sci},
	volume={2},
	number={5},
	pages={222--227},
	year={2013},
	url = {https://www.researchgate.net/publication/291831658_biological_importance_of_marine_algae-an_overview},
	note = {Non ha neanche il full text... vogliamo metterlo davvero?},
}

@article{mohan_spirulina_2014,
	title = {Spirulina - the nature's wonder: a review.},
	author = {Mohan, Arpita and Misra, Neeta and Srivastav, Deepak and Umapathy, Deepak and Kumar, Shiva},
	date = {2014},
	journaltitle = {Scholars Journal of Applied Medical Sciences},
	shortjournal = {Sch. J. App. Med. Sci.},
	volume = {2},
	number = {4C},
	pages = {1334--1339},
	issn = {2320-6691},
	url = {https://www.cabidigitallibrary.org/doi/full/10.5555/20143335758ISSN-2347-954X-Print-Spirulina-The-Natures-Wonder-A-Review.pdf},
	langid = {english},
}

@article{saranraj_spirulina_2014,
	title = {Spirulina platensis - food for future: a review},
	author = {Saranraj, P. and Sivasakthi, S.},
	date = {2014},
	journaltitle = {Asian Journal of Pharmaceutical Science \& Technology},
	shortjournal = {AJPST},
	volume = {4},
	number = {1},
	pages = {26--33},
	issn = {2248-9185},
	url = {http://www.ajpst.com/File_Folder/26-33.pdf},
	langid = {english},
}

@manual{aoac_2000,
	author = {The Association of Official Analytical Chemists},
	shortauthor = {{AOAC}},
	title = {Official Methods of Analysis},
	date = {2000},
	language = {english},
	edition = {17},
%	organization = {},
	location = {Gaithersburg, MD, USA},
	pages = {Methods 925.10, 65.17, 974.24, 992.16},
	isbn = {9780935584677},
	url = {https://www.scirp.org/reference/ReferencesPapers?ReferenceID=1687699},
	urldate = {2024-05-15},
}

%@legislation{,
%%	editor = {},
%	date = {},
%	title = {},
%	shorttitle = {},
%	langid = {english},
%	type = {}, % numero legge
%	organization = {},
%	url = {},
%}